<record xmlns='http://www.loc.gov/MARC21/slim'><leader>01208cim a22003132u 4500</leader><controlfield tag='001'>3600601</controlfield><controlfield tag='005'>20151214182632.0</controlfield><controlfield tag='007'>ss|lmnjluz|nuu</controlfield><controlfield tag='008'>991101s1988    nyunnn         l    eng d</controlfield><datafield ind1=' ' ind2=' ' tag='035'><subfield code='a'>(NIC)notisASF7666</subfield></datafield><datafield ind1=' ' ind2=' ' tag='035'><subfield code='a'>3600601</subfield></datafield><datafield ind1=' ' ind2=' ' tag='035'><subfield code='a'>(OCoLC)63896307</subfield></datafield><datafield ind1=' ' ind2=' ' tag='040'><subfield code='a'>NIC</subfield><subfield code='c'>NIC</subfield><subfield code='d'>NIC</subfield></datafield><datafield ind1='1' ind2=' ' tag='100'><subfield code='a'>MacIntosh, Peggy.</subfield></datafield><datafield ind1='1' ind2='0' tag='245'><subfield code='a'>Re-vision: a feminist perspective</subfield><subfield code='h'>[sound recording]</subfield></datafield><datafield ind1=' ' ind2=' ' tag='260'><subfield code='c'>1988.</subfield></datafield><datafield ind1=' ' ind2=' ' tag='300'><subfield code='a'>1 sound cassette (80 min.) :</subfield><subfield code='b'>analog, mono.</subfield></datafield><datafield ind1=' ' ind2=' ' tag='500'><subfield code='a'>Recorded in Ithaca, NY by Cornell University.</subfield></datafield><datafield ind1=' ' ind2=' ' tag='500'><subfield code='a'>Speaker(s): Associate professor at Wellsley College.</subfield></datafield><datafield ind1=' ' ind2=' ' tag='518'><subfield code='a'>Lecture, April 27, 1988.</subfield></datafield><datafield ind1=' ' ind2=' ' tag='520'><subfield code='a'>MacIntosh discusses pedagogy as a means of allowing students to adaopt an &quot;adjacent&quot; position in relation to subject matter.  This approach is an alternative to the &quot;lateral&quot;, &quot;take a position&quot; point of view.</subfield></datafield><datafield ind1=' ' ind2='0' tag='650'><subfield code='a'>Education</subfield><subfield code='x'>Study and teaching.</subfield></datafield><datafield ind1=' ' ind2='0' tag='650'><subfield code='a'>Feminism.</subfield></datafield><datafield ind1=' ' ind2='7' tag='650'><subfield code='a'>Education</subfield><subfield code='x'>Study and teaching</subfield><subfield code='2'>fast</subfield><subfield code='0'>(OCoLC)fst00902796</subfield></datafield><datafield ind1=' ' ind2='7' tag='650'><subfield code='a'>Feminism</subfield><subfield code='2'>fast</subfield><subfield code='0'>(OCoLC)fst00922671</subfield></datafield><datafield ind1=' ' ind2='0' tag='830'><subfield code='a'>Gender and pedagogy lectures.</subfield></datafield><datafield ind1='1' ind2=' ' tag='899'><subfield code='a'>CULectures</subfield></datafield><datafield ind1=' ' ind2=' ' tag='905'><subfield code='a'>19991201120000.0</subfield></datafield><datafield ind1='2' ind2=' ' tag='948'><subfield code='a'>20141221</subfield><subfield code='b'>m</subfield><subfield code='d'>batch</subfield><subfield code='e'>lts</subfield><subfield code='x'>addfast</subfield></datafield></record>